
@inproceedings{denecker2009second,
  title={The second answer set programming competition},
  author={Denecker, Marc and Vennekens, Joost and Bond, Stephen and Gebser, Martin and Truszczy{\'n}ski, Miros{\l}aw},
  booktitle={Proceedgins of the 10th International Converence on  Logic Programming and Nonmonotonic Reasoning (LPNMR-09)},
  pages={637--654},
  year={2009},
  publisher={Springer}
}

@inproceedings{gebser2013advanced,
  title={Advanced conflict-driven disjunctive answer set solving},
  author={Gebser, Martin and Kaufmann, Benjamin and Schaub, Torsten},
  booktitle={Proceedings of the 23rd International Joint Conference on Artificial Intelligence (IJCAI-13)},
  pages={912--918},
  year={2013},
  organization={AAAI Press}
}


@article{turner2003strong,
  title={Strong equivalence made easy: nested expressions and weight constraints},
  author={Turner, Hudson},
  journal={Theory and Practice of Logic Programming},
  volume={3},
  number={4+ 5},
  pages={609--622},
  year={2003},
  publisher={Cambridge Univ Press}
}


@inproceedings{pearce2001encodings,
  title={Encodings for equilibrium logic and logic programs with nested expressions},
  author={Pearce, David and Tompits, Hans and Woltran, Stefan},
  booktitle={Proceedings of the 10th Portuguese Conference on Artificial Intelligence (EPIA-01)},
  pages={306--320},
  year={2001},
  publisher={Springer}
}


 @incollection{clark78,
  author = "Keith L. Clark",
  title = "Negation as failure",
  booktitle = "Logic and Databases",
  year = "1978",
  pages = "293--322",
  publisher = "Plenum Press",
  address = "New York",
  editor = "H. Gallaire and J. Minker"
  }


@inproceedings{leone2002dlv,
  title={The DLV System},
  author={Leone, Nicola and Pfeifer, Gerald and Faber, Wolfgang and Calimeri, Francesco and Dell'Armi, Tina and Eiter, Thomas and Gottlob, Georg and Ianni, Giovambattista and Ielpa, Giuseppe and Koch, Christoph and others},
  booktitle={Proceedings of the 8th European Conference on Logics in Artificial Intelligence (JELIA-02)},
  pages={537--540},
  year={2002},
  organization={Springer-Verlag}
}

@article{lin2004assat,
  title={ASSAT: Computing answer sets of a logic program by SAT solvers},
  author={Lin, Fangzhen and Zhao, Yuting},
  journal={Artificial Intelligence},
  volume={157},
  number={1},
  pages={115--137},
  year={2004},
  publisher={Elsevier}
}

@inproceedings{lierler2004cmodels,
  title={Cmodels-2: SAT-based answer set solver enhanced to non-tight programs},
  author={Lierler, Yuliya and Maratea, Marco},
  booktitle={Proceedings of the 7th International Conference on Logic Programming and Nonmonotonic Reasoning (LPNMR-04)},
  pages={346--350},
  year={2004},
  publisher={Springer}
}

@inproceedings{drescher2008conflict,
  title={Conflict-Driven Disjunctive Answer Set Solving.},
  author={Drescher, Christian and Gebser, Martin and Grote, Torsten and Kaufmann, Benjamin and K{\"o}nig, Arne and Ostrowski, Max and Schaub, Torsten},
	booktitle={Proceedings of the 11th International Conference on Principles of Knowledge Respresentation and Reasoning (KR-08)},
  pages={422--432},
  year={2008}
}

@inproceedings{gebser2007clasp,
  title={clasp: A conflict-driven answer set solver},
  author={Gebser, Martin and Kaufmann, Benjamin and Neumann, Andr{\'e} and Schaub, Torsten},
  booktitle={Proceedings of the 9th International Conference on Logic Programming and Nonmonotonic Reasoning (LPNMR-07)},
  pages={260--265},
  year={2007},
  publisher={Springer}
}

@inproceedings{gebser2007gringo,
  title={Gringo: A new grounder for answer set programming},
  author={Gebser, Martin and Schaub, Torsten and Thiele, Sven},
  booktitle={Proceedings of the 9th International Conference on Logic Programming and Nonmonotonic Reasoning (LPNMR-07)},
  pages={266--271},
  year={2007},
  publisher={Springer}
}

@inproceedings{syrjanen2001smodels,
  title={The smodels system},
  author={Syrj{\"a}nen, Tommi and Niemel{\"a}, Ilkka},
  booktitle={Proceedings of the 6th International Conference on Logic Programming and Nonmotonic Reasoning (LPNMR-01)},
  pages={434--438},
  year={2001},
  publisher={Springer}
}

@article{syrjanen2000lparse,
  title={Lparse 1.0 user's manual},
  author={Syrj{\"a}nen, Tommi},
  year={2000},
  publisher={Citeseer}
}


@article{van1991well,
  title={The well-founded semantics for general logic programs},
  author={Van Gelder, Allen and Ross, Kenneth A and Schlipf, John S},
  journal={Journal of the ACM (JACM)},
  volume={38},
  number={3},
  pages={619--649},
  year={1991},
  publisher={ACM}
}


@article{lifschitz2001strongly,
  title={Strongly equivalent logic programs},
  author={Lifschitz, Vladimir and Pearce, David and Valverde, Agust{\'\i}n},
  journal={ACM Transactions on Computational Logic (TOCL)},
  volume={2},
  number={4},
  pages={526--541},
  year={2001},
  publisher={ACM}
}


@inproceedings{Ferraris05a,
  author    = {Paolo Ferraris},
  title     = {Answer Sets for Propositional Theories},
  booktitle = {Proceedings of the 8th International Conference on Logic Programming and Nonmonotonic Reasoning ({LPNMR}-05), Diamante, Italy, September 5-8, 2005},
  year      = {2005},
  pages     = {119--131}
}



@article{turner2003strong,
  title={Strong equivalence made easy: nested expressions and weight constraints},
  author={Turner, Hudson},
  journal={Theory and Practice of Logic Programming},
  volume={3},
  number={4+ 5},
  pages={609--622},
  year={2003},
  publisher={Cambridge Univ Press}
}

@article{leone1997disjunctive,
  title={Disjunctive stable models: Unfounded sets, fixpoint semantics, and computation},
  author={Leone, Nicola and Rullo, Pasquale and Scarcello, Francesco},
  journal={Information and computation},
  volume={135},
  number={2},
  pages={69--112},
  year={1997},
  publisher={Elsevier}
}


@article{chen2013,
  title={Computing loops with at most one external support rule},
  author={Chen, Xiaoping and Ji, Jianmin and Lin, Fangzhen},
  journal={ACM Transactions on Computational Logic (TOCL)},
  volume={14},
  number={1},
  pages={3--40},
  year={2013},
  publisher={ACM}
}

@article{van1991well,
  title={The well-founded semantics for general logic programs},
  author={Van Gelder, Allen and Ross, Kenneth A and Schlipf, John S},
  journal={Journal of the ACM (JACM)},
  volume={38},
  number={3},
  pages={619--649},
  year={1991},
  publisher={ACM}
}

@inproceedings{lifschitz1994splitting,
  title={Splitting a Logic Program.},
  author={Lifschitz, Vladimir and Turner, Hudson},
  booktitle={Proceedings of the 11th International Conference on Logic Programming (ICLP'94)},
  pages={23--37},
  year={1994}
}

@article{gelfond1991classical,
  title={Classical negation in logic programs and disjunctive databases},
  author={Gelfond, Michael and Lifschitz, Vladimir},
  journal={New generation computing},
  volume={9},
  number={3-4},
  pages={365--385},
  year={1991},
  publisher={Springer}
}


@article{LinZhao:assat,
  title={{ASSAT: computing answer sets of a logic program by SAT solvers}},
  author={Lin, F. and Zhao, Y.},
  journal={Artificial Intelligence},
  volume={157},
  number={1-2},
  pages={115--137},
  year={2004},
  publisher={Elsevier}
}

@inproceedings{LeeLifschitz:disj,
  title = "Loop formulas for disjunctive logic programs",
  author = "J. Lee and V. Lifschitz",
  booktitle = "Proceedings of the 19th International Conference on Logic Programming
    (ICLP-03)",
  pages = "451--465",
  year = "2003"
 }

@inproceedings{GelfondLifschitz88,
  title={{The stable model semantics for logic programming}},
  author={Gelfond, M. and Lifschitz, V.},
  booktitle={Proceedings of the 5th International Conference on Logic Programming (ICLP-88)},
  pages={1070--1080},
  year={1988}
}


@article{gebser2011,
  title={On elementary loops of logic programs},
  author={Gebser, Martin and Lee, Joohyung and Lierler, Yuliya},
  journal={Theory and Practice of Logic Programming},
  volume={11},
  number={6},
  pages={953--988},
  year={2011},
  publisher={Cambridge Univ Press}
}

@article{cmodels,
  author    = {Enrico Giunchiglia and
               Yuliya Lierler and
               Marco Maratea},
  title     = {Answer Set Programming Based on Propositional Satisfiability},
  journal   = {Journal of Automated Reasoning},
  volume    = {36},
  number    = {4},
  year      = {2006},
  pages     = {345-377},
}

@inproceedings{clasp,
  title={{Conflict-driven answer set solving}},
  author={Gebser, M. and Kaufmann, B. and Neumann, A. and Schaub, T.},
  booktitle={Proceedings of the 20th International Joint Conference on Artificial Intelligence (IJCAI-07)},
  pages={386--392},
  year={2007}
}

@article{lifschitz06,
  title={{Why are there so many loop formulas?}},
  author={Lifschitz, V. and Razborov, A.},
  journal={ACM Transactions on Computational Logic},
  volume={7},
  number={2},
  pages={261--268},
  year={2006},
  publisher={ACM Press New York, NY, USA}
}


@inproceedings{gebser2005,
  title={{Loops: relevant or redundant?}},
  author={Gebser, Martin and Schaub, Torsten},
  booktitle={Proceedings of 8th International Conference on Logic Programming and Nonmonotonic Reasoning (LPNMR-05)},
  pages={53--65},
  year={2005}
}

 @incollection{clark78,
  author = "Keith L. Clark",
  title = "Negation as failure",
  booktitle = "Logic and Databases",
  year = "1978",
  pages = "293--322",
  publisher = "Plenum Press",
  address = "New York",
  editor = "H. Gallaire and J. Minker"
  }

@inproceedings{lee2005model,
  title={A model-theoretic counterpart of loop formulas},
  author={Lee, Joohyung},
  booktitle={Proceedings of the 19th International Joint Conference on Artificial Intelligence (IJCAI-05)},
  volume={5},
  pages={503--508},
  year={2005},
  organization={Citeseer}
}










@article{smodels,
  title={{Extending and implementing the stable model semantics}},
  author={Simons, P. and Niemel{\"a}, I. and Soininen, T.},
  journal={Artificial Intelligence},
  volume={138},
  number={1-2},
  pages={181--234},
  year={2002},
  publisher={Elsevier}
}



@inproceedings{WFM,
 author = {A. {Van Gelder}},
 title = {The alternating fixpoint of logic programs with negation},
 booktitle = {Proceedings of the eighth ACM SIGACT-SIGMOD-SIGART symposium on Principles of database systems (PODS-89)},
 year = {1989},
 isbn = {0-89791-308-6},
 pages = {1--10},
 location = {Philadelphia, Pennsylvania, United States},
 }
 

  
@article{vangelder91,
    author = "Allen {Van Gelder} and Kenneth Ross and John S. Schlipf",
    title = "The Well-Founded Semantics for General Logic Programs",
    journal = "Journal of the ACM",
    volume = "38",
    number = "3",
    pages = "620--650",
    year = "1991"
}

@book{baral03,
  title={{Knowledge Representation, Reasoning and Declarative Problem Solving}},
  author={Baral, C.},
  year={2003},
  publisher={Cambridge University Press}
}



@article{LinChen:jair07,
  title={{Discovering Classes of Strongly Equivalent Logic Programs}},
  author={Lin, F. and Chen, Y.},
  journal={Journal of Artificial Intelligence Research},
  volume={28},
  pages={431--451},
  year={2007}
}


@inproceedings{gebser07,
  title={{The First Answer Set Programming System Competition}},
  author={Gebser, M. and Liu, L. and Namasivayam, G. and Neumann, A. and Schaub, T. and Truszczynski, M.},
  booktitle={Proceedings of the Ninth International Conference on Logic Programming and Nonmonotonic Reasoning (LPNMR-07)},
  year = {2007},
  pages = {3-17}
}

@article{niemela91,
  title={{Logic programs with stable model semantics as a constraint programming paradigm}},
  author={Niemel{\"a}, I.},
  journal={Annals of Mathematics and Artificial Intelligence},
  volume={25},
  number={3},
  pages={241--273},
  year={1999},
  publisher={Springer}
}





  
@article{disj,
 author = {Kewen Wang and Lizhu Zhou},
 title = {Comparisons and computation of well-founded semantics for disjunctive logic programs},
 journal = {ACM Transactions on Computational Logic},
 volume = {6},
 number = {2},
 year = {2005},
 issn = {1529-3785},
 pages = {295--327},
 doi = {http://doi.acm.org/10.1145/1055686.1055690},
 publisher = {ACM},
 address = {New York, NY, USA},
 }
 
 @book{lobo92,
  title={{Foundations of Disjunctive Logic Programming}},
  author={Lobo, J. and Minker, J. and Rajasekar, A.},
  year={1992},
  publisher={MIT Press}
}

@article{brass99,
  title={{Semantics of (disjunctive) logic programs based on partial evaluation}},
  author={Brass, S. and Dix, J.},
  journal={The Journal of Logic Programming},
  volume={40},
  number={1},
  pages={1--46},
  year={1999},
  publisher={Elsevier}
}

@article{przymusinski95,
  title={{Static semantics of logic programs}},
  author={Przymusinski, T.},
  journal={Annals of Mathematics and Artificial Intelligence},
  volume={14},
  pages={323--357},
  year={1995}
}

@article{wang00,
  title={{Argumentation-based abduction in disjunctive logic programming}},
  author={Wang, K.},
  journal={The Journal of Logic Programming},
  volume={45},
  number={1-3},
  pages={105--141},
  year={2000},
  publisher={Elsevier}
}


@article{dlv,
 author = {Nicola Leone and Gerald Pfeifer and Wolfgang Faber and Thomas Eiter and Georg Gottlob and Simona Perri and Francesco Scarcello},
 title = {The DLV system for knowledge representation and reasoning},
 journal = {ACM Transactions on Computational Logic},
 volume = {7},
 number = {3},
 year = {2006},
 issn = {1529-3785},
 pages = {499--562},
 doi = {http://doi.acm.org/10.1145/1149114.1149117},
 publisher = {ACM},
 address = {New York, NY, USA},
 }

